[gd_scene load_steps=21 format=3 uid="uid://dvj8ycpcnh1wq"]

[ext_resource type="Script" path="res://plugins/minigames/hurdle/minigame.gd" id="1"]
[ext_resource type="PackedScene" uid="uid://cokfcoiev4upj" path="res://plugins/minigames/hurdle/hurdle/hurdle.tscn" id="2"]
[ext_resource type="PackedScene" uid="uid://gesppwweps7w" path="res://plugins/minigames/hurdle/player_hurdle.tscn" id="4"]
[ext_resource type="Curve3D" path="res://plugins/minigames/hurdle/curve.tres" id="5"]
[ext_resource type="Texture2D" uid="uid://bkqyj6j4j2apk" path="res://assets/textures/rock/rock_05_col.png" id="6"]
[ext_resource type="Texture2D" uid="uid://qjsp30wede5r" path="res://assets/textures/lava.png" id="7"]
[ext_resource type="PackedScene" uid="uid://cpxjf6588ye0n" path="res://plugins/minigames/hurdle/ground/conveyor_belt.tscn" id="8"]
[ext_resource type="PackedScene" uid="uid://bmdaus4pimoxb" path="res://common/scenes/countdown/countdown.tscn" id="10"]
[ext_resource type="Texture2D" uid="uid://bb27dxmt7b1ov" path="res://assets/textures/rock/rock_05_norm_01.png" id="10_717e5"]
[ext_resource type="Texture2D" uid="uid://d0rdf1eat1yuv" path="res://assets/textures/rock/rock_05_roughness.png" id="11_h6y86"]

[sub_resource type="Sky" id="1"]

[sub_resource type="Environment" id="2"]
background_mode = 2
sky = SubResource("1")
ambient_light_color = Color(1, 1, 1, 1)
ambient_light_sky_contribution = 0.0
ambient_light_energy = 0.1

[sub_resource type="PlaneMesh" id="3"]
size = Vector2(6, 20)

[sub_resource type="StandardMaterial3D" id="StandardMaterial3D_jcnaa"]
diffuse_mode = 3
specular_mode = 1
albedo_texture = ExtResource("7")
metallic_specular = 0.0
uv1_scale = Vector3(2, 6.66, 1)

[sub_resource type="PlaneMesh" id="6"]
size = Vector2(20, 20)

[sub_resource type="StandardMaterial3D" id="StandardMaterial3D_4yjm4"]
albedo_texture = ExtResource("6")
roughness_texture = ExtResource("11_h6y86")
normal_enabled = true
normal_texture = ExtResource("10_717e5")
uv1_scale = Vector3(3, 3, 1)

[sub_resource type="WorldBoundaryShape3D" id="WorldBoundaryShape3D_ybjsk"]

[sub_resource type="StandardMaterial3D" id="StandardMaterial3D_1wwqs"]
albedo_texture = ExtResource("6")
roughness_texture = ExtResource("11_h6y86")
normal_enabled = true
normal_texture = ExtResource("10_717e5")
uv1_scale = Vector3(3, 3, 1)

[sub_resource type="PlaneMesh" id="8"]
size = Vector2(6.2, 20)

[sub_resource type="StandardMaterial3D" id="StandardMaterial3D_kd6yh"]
albedo_texture = ExtResource("6")
roughness_texture = ExtResource("11_h6y86")
normal_enabled = true
normal_texture = ExtResource("10_717e5")
uv1_scale = Vector3(0.93, 3, 1)

[node name="Root" type="Node3D"]
script = ExtResource("1")

[node name="Environment" type="WorldEnvironment" parent="."]
environment = SubResource("2")

[node name="Camera3D" type="Camera3D" parent="Environment"]
transform = Transform3D(-1, 6.69697e-08, -5.61943e-08, 0, 0.642787, 0.766045, 8.74228e-08, 0.766044, -0.642788, 0, 6, -5)

[node name="Screen" type="Control" parent="Environment"]
layout_mode = 3
anchors_preset = 15
anchor_right = 1.0
anchor_bottom = 1.0
grow_horizontal = 2
grow_vertical = 2

[node name="Message" type="Label" parent="Environment/Screen"]
layout_mode = 0
anchor_right = 1.0
offset_top = 128.0
offset_bottom = 186.0
theme_type_variation = &"HeaderLarge"
theme_override_colors/font_shadow_color = Color(0, 0, 0, 1)
theme_override_constants/shadow_outline_size = 1

[node name="Timer" type="Label" parent="Environment/Screen"]
visible = false
layout_mode = 0
anchor_left = 0.5
anchor_right = 0.5
offset_left = -40.0
offset_top = 35.0
offset_right = 41.0
offset_bottom = 93.0
theme_type_variation = &"HeaderLarge"
theme_override_colors/font_shadow_color = Color(0, 0, 0, 1)
theme_override_constants/shadow_outline_size = 1
text = "50.0"

[node name="Player1" parent="." instance=ExtResource("4")]
transform = Transform3D(1, 0, 0, 0, 1, 0, 0, 0, 1, 1.5, 0, 0)

[node name="Player2" parent="." instance=ExtResource("4")]
transform = Transform3D(1, 0, 0, 0, 1, 0, 0, 0, 1, 0.5, 0, 0)

[node name="Player3" parent="." instance=ExtResource("4")]
transform = Transform3D(1, 0, 0, 0, 1, 0, 0, 0, 1, -0.5, 0, 0)

[node name="Player4" parent="." instance=ExtResource("4")]
transform = Transform3D(1, 0, 0, 0, 1, 0, 0, 0, 1, -1.5, 0, 0)

[node name="Sun" type="DirectionalLight3D" parent="."]
transform = Transform3D(0.01756, 0.80884, -0.587767, 0.0375027, 0.586911, 0.808783, 0.999142, -0.0362451, -0.0200275, -6, 4, 3)
light_energy = 0.8
shadow_enabled = true

[node name="Countdown" parent="." instance=ExtResource("10")]
offset_top = 1.18921
offset_bottom = 1.18921

[node name="conveyor_belt" parent="." instance=ExtResource("8")]
transform = Transform3D(-1, 0, -8.74228e-08, 0, 1, 0, 8.74228e-08, 0, -1, 0, -0.6, 0)

[node name="Hurdle" parent="." instance=ExtResource("2")]
transform = Transform3D(1, 0, 0, 0, 1, 0, 0, 0, 1, 0, 0, 1.9998)
curve = NodePath("../Path3D")

[node name="Hurdle2" parent="." instance=ExtResource("2")]
transform = Transform3D(1, 0, 0, 0, 1, 0, 0, 0, 1, -2, 0, 1.9998)
curve = NodePath("../Path3D")

[node name="Hurdle3" parent="." instance=ExtResource("2")]
transform = Transform3D(1, 0, 0, 0, 1, 0, 0, 0, 1, 2, 0, 1.9998)
curve = NodePath("../Path3D")

[node name="Hurdle10" parent="." instance=ExtResource("2")]
transform = Transform3D(1, 0, 0, 0, -1, 8.74228e-08, 0, -8.74228e-08, -1, 0, -1, -2.00251)
curve = NodePath("../Path3D")

[node name="Hurdle11" parent="." instance=ExtResource("2")]
transform = Transform3D(1, 0, 0, 0, -1, 8.74228e-08, 0, -8.74228e-08, -1, -2, -1, -2.00251)
curve = NodePath("../Path3D")

[node name="Hurdle12" parent="." instance=ExtResource("2")]
transform = Transform3D(1, 0, 0, 0, -1, 8.74228e-08, 0, -8.74228e-08, -1, 2, -1, -2.00251)
curve = NodePath("../Path3D")

[node name="Hurdle4" parent="." instance=ExtResource("2")]
transform = Transform3D(1, 0, 0, 0, 1, 0, 0, 0, 1, 0, 0, -1.955)
curve = NodePath("../Path3D")

[node name="Hurdle5" parent="." instance=ExtResource("2")]
transform = Transform3D(1, 0, 0, 0, 1, 0, 0, 0, 1, -2, 0, -1.955)
curve = NodePath("../Path3D")

[node name="Hurdle6" parent="." instance=ExtResource("2")]
transform = Transform3D(1, 0, 0, 0, 1, 0, 0, 0, 1, 2, 0, -1.955)
curve = NodePath("../Path3D")

[node name="Hurdle7" parent="." instance=ExtResource("2")]
transform = Transform3D(1, 0, 0, 0, -1, 8.74228e-08, 0, -8.74228e-08, -1, 0, -1, 2.6)
curve = NodePath("../Path3D")

[node name="Hurdle8" parent="." instance=ExtResource("2")]
transform = Transform3D(1, 0, 0, 0, -1, 8.74228e-08, 0, -8.74228e-08, -1, -2, -1, 2.6)
curve = NodePath("../Path3D")

[node name="Hurdle9" parent="." instance=ExtResource("2")]
transform = Transform3D(1, 0, 0, 0, -1, 8.74228e-08, 0, -8.74228e-08, -1, 2, -1, 2.6)
curve = NodePath("../Path3D")

[node name="Path3D" type="Path3D" parent="."]
transform = Transform3D(-2.18557e-08, 0.5, 0, -0.5, -2.18557e-08, 0, 0, 0, 0.5, 0, -0.5, 0)
curve = ExtResource("5")

[node name="MeshInstance3D" type="MeshInstance3D" parent="."]
transform = Transform3D(1, 0, 0, 0, 1, 0, 0, 0, 1, 0, -7, 0)
mesh = SubResource("3")
surface_material_override/0 = SubResource("StandardMaterial3D_jcnaa")

[node name="MeshInstance2" type="MeshInstance3D" parent="."]
transform = Transform3D(-4.37114e-08, 1, 0, -1, -4.37114e-08, 0, 0, 0, 1, -3.1, 0, 0)
mesh = SubResource("6")
surface_material_override/0 = SubResource("StandardMaterial3D_4yjm4")

[node name="StaticBody3D" type="StaticBody3D" parent="MeshInstance2"]

[node name="CollisionShape3D" type="CollisionShape3D" parent="MeshInstance2/StaticBody3D"]
shape = SubResource("WorldBoundaryShape3D_ybjsk")

[node name="MeshInstance3" type="MeshInstance3D" parent="."]
transform = Transform3D(-4.37114e-08, -1, 0, 1, -4.37114e-08, 0, 0, 0, 1, 3.1, 0, 0)
mesh = SubResource("6")
surface_material_override/0 = SubResource("StandardMaterial3D_1wwqs")

[node name="StaticBody3D" type="StaticBody3D" parent="MeshInstance3"]

[node name="CollisionShape3D" type="CollisionShape3D" parent="MeshInstance3/StaticBody3D"]
shape = SubResource("WorldBoundaryShape3D_ybjsk")

[node name="MeshInstance4" type="MeshInstance3D" parent="."]
transform = Transform3D(1, 0, 0, 0, -4.37114e-08, 1, 0, -1, -4.37114e-08, 0, 0, 10)
mesh = SubResource("8")
surface_material_override/0 = SubResource("StandardMaterial3D_kd6yh")
