[gd_scene load_steps=12 format=3 uid="uid://gp3s5csbijue"]

[ext_resource type="Texture2D" uid="uid://dfqp5lgpyelwv" path="res://assets/textures/crate0/crate0_diffuse.png" id="1"]
[ext_resource type="Script" path="res://plugins/minigames/bowling/box.gd" id="2"]
[ext_resource type="Texture2D" uid="uid://c5e145bnr348x" path="res://assets/textures/crate0/crate0_normal.png" id="3"]
[ext_resource type="Texture2D" uid="uid://wynn0u1h0d1n" path="res://assets/textures/crate0/crate0_bump.png" id="3_x7e2i"]
[ext_resource type="Texture2D" uid="uid://cevmj1aliifed" path="res://assets/textures/hit_indicator.png" id="4"]

[sub_resource type="BoxMesh" id="1"]
size = Vector3(0.5, 0.5, 0.5)

[sub_resource type="StandardMaterial3D" id="StandardMaterial3D_nhl21"]
resource_local_to_scene = true
transparency = 1
diffuse_mode = 3
specular_mode = 1
albedo_texture = ExtResource("1")
metallic_specular = 0.0
normal_enabled = true
normal_texture = ExtResource("3")
heightmap_enabled = true
heightmap_texture = ExtResource("3_x7e2i")
uv1_scale = Vector3(3, 2, 1)

[sub_resource type="BoxShape3D" id="3"]
size = Vector3(0.5, 0.5, 0.5)

[sub_resource type="Animation" id="Animation_7wyv5"]
length = 0.001

[sub_resource type="Animation" id="4"]
resource_name = "destroy"
length = 0.2
tracks/0/type = "value"
tracks/0/imported = false
tracks/0/enabled = true
tracks/0/path = NodePath("MeshInstance3D:surface_material_override/0:albedo_color")
tracks/0/interp = 1
tracks/0/loop_wrap = true
tracks/0/keys = {
"times": PackedFloat32Array(0, 0.2),
"transitions": PackedFloat32Array(1, 1),
"update": 0,
"values": [Color(1, 1, 1, 1), Color(1, 0, 0, 0)]
}

[sub_resource type="AnimationLibrary" id="AnimationLibrary_65tsv"]
_data = {
"RESET": SubResource("Animation_7wyv5"),
"destroy": SubResource("4")
}

[node name="StaticBody3D" type="StaticBody3D" groups=["box"]]
collision_layer = 2
collision_mask = 7
script = ExtResource("2")

[node name="MeshInstance3D" type="MeshInstance3D" parent="."]
mesh = SubResource("1")
surface_material_override/0 = SubResource("StandardMaterial3D_nhl21")

[node name="CollisionShape3D" type="CollisionShape3D" parent="."]
shape = SubResource("3")

[node name="Sprite3D" type="Sprite3D" parent="."]
modulate = Color(1, 1, 1, 0)
pixel_size = 0.003
axis = 1
texture = ExtResource("4")

[node name="AnimationPlayer" type="AnimationPlayer" parent="."]
libraries = {
"": SubResource("AnimationLibrary_65tsv")
}

[connection signal="animation_finished" from="AnimationPlayer" to="." method="_on_AnimationPlayer_animation_finished"]
